
@Article{GarciaSanchez2009,
  title =        {Transferable Force Field for Carbon Dioxide Adsorption in Zeolites},
  author =       {A. Garcia-Sanchez and C. O. Ania and J. B. Parra and D. Dubbeldam and T. J. H. Vlugt and R. Krishna and S. Calero},
  journal =      {J. Phys. Chem. C},
  pages =        {8814-8820},
  volume =       {113},
  number =       {},
  year =         {2009},
}

@Article{Martin2001,
  title =        {Effect of pressure, membrane thickness, and placement of control volumes on the flux of methane through thin silicalite membranes: A dual control volume grand canonical molecular dynamics study},
  author =       {M. G. Martin, A. P. Thompson, T. M. Nenoff},
  journal =      {J. Chem. Phys.},
  pages =        {7174-7181},
  volume =       {114},
  number =       {},
  year =         {2001},
}

@Article{MartinCalvo2011,
  title =        {Effect of air humidity on the removal of carbon tetrachloride from air using Cu–BTC metal–organic framework},
  author =       {A. Martin-Calvo and E. Garcia-Perez and A. Garcia-Sanchez and R. Bueno-Perez and S. Hamad and S. Calero},
  journal =      {Phys. Chem. Chem. Phys.},
  pages =        {11165-11174},
  volume =       {13},
  number =       {},
  year =         {2011},
}

@Article{Dubbeldam2004,
  title =        {United atom force field for alkanes in nanoporous materials},
  author =       {D. Dubbeldam and S. Calero and T.J.H. Vlugt and R. Krishna and T.L.M. Maesen and B. Smit},
  journal =      {J. Phys. Chem. B},
  pages =        {12301-12313},
  volume =       {108},
  number =       {},
  year =         {2004},
}


@Article{Mayo1990,
  title =        {DREIDING: a generic force field for molecular simulations},
  author =       {S.L. Mayo and B.D. Olafson and W.A. Goddard},
  journal =      {J. Phys. Chem.},
  pages =        {8897-8909},
  volume =       {94},
  number =       {},
  year =         {1990},
}


@Article{Rappe1992,
  title =        {UFF, a full periodic table force field for molecular mechanics and molecular dynamics simulations},
  author =       {A.K. Rappé and C.J. Casewit and K.S. Colwell and W.A. Goddard and W.M. Skiff},
  journal =      {J. Am. Chem. Soc.},
  pages =        {10024-10035},
  volume =       {114},
  number =       {},
  year =         {1992},
}

@Article{Bai2013,
  title =        {TraPPE-zeo: Transferable Potentials for Phase Equilibria Force Field for All-Silica Zeolites},
  author =       {P. Bai and M. Tsapatsis and J. I. Siepmann},
  journal =      {J. Phys. Chem. C},
  pages =        {24375-24387},
  volume =       {117},
  number =       {},
  year =         {2013},
}

@Article{Rai2007,
  title =        {Transferable potentials for phase equilibria. 9. Explicit-hydrogen description of benzene and 5-membered and 6-membered heterocyclic aromatic compounds},
  author =       {N. Rai and J.I. Siepmann},
  journal =      {J. Phys. Chem. B},
  pages =        {10790-10799},
  volume =       {111},
  number =       {},
  year =         {2007},
}

@Article{Dubbeldam2007,
  title =        {Exceptional Negative Thermal Expansion in Isoreticular Metal–Organic Frameworks},
  author =       {D. Dubbeldam and K.S. Walton and D.E. Ellis and R.Q. Snurr},
  journal =      {Angew. Chem. Int. Ed.},
  pages =        {4496-4499},
  volume =       {46},
  number =       {24},
  year =         {2007},
}

@Article{Greathouse2008,
  author = {J. A. Greathouse and M. D. Allendorf},
  title = {Force field validation for molecular dynamics simulations of {IRMOF-1} and other isoreticular zinc carboxylate coordination polymers},
  journal = {J. Phys. Chem. C},
  volume = {112},
  number = {15},
  pages = {5795},
  year = {2008}
}


@Article{Karavias1991,
  author =       {F. Karavias and A.L. Myers},
  volume =       {7},
  journal =      {Langmuir},
  pages =        {3118-3126},
  year =         {1991},
  title =        {Isosteric heats of multicomponent adsorption - thermodynamics and computer-simulations}
}

@article{Snurr1993,
   author = {Snurr, R. Q. and Bell, A. T. and Theodorou, D. N.},
   title = {PREDICTION OF ADSORPTION OF AROMATIC-HYDROCARBONS IN SILICALITE FROM GRAND-CANONICAL {Monte-Carlo} SIMULATIONS WITH BIASED INSERTIONS},
   journal = {Journal of Physical Chemistry},
   volume = {97},
   number = {51},
   pages = {13742-13752},
   year = {1993}
}

@Article{Vlugt2008,
author = {T. J. H. Vlugt and E. Garcia-Perez and D. Dubbeldam and S. Ban and S. Calero},
title = {Computing the heat of adsorption using molecular simulations: The effect of strong Coulombic interactions},
journal = {J. Chem. Theory. Comput.},
volume = {4},
number = {7},
pages = {1107-1118},
year = {2008}}

@Article{Wood1988,
  author =       {G. B. Wood and A. Z. Panagiotopoulos and J. S. Rowlinson},
  title =        {Adsorption of fluids in model zeolite cavities},
  volume =       {63},
  number =       {1},
  journal =      {Mol. Phys.},
  pages =        {49-63},
  year =         {1988},
}

@Article{Loganathan2017,
  author =       {N. Loganathan and A. O. Yazaydin and G. M. Bowers and A. G. Kalinichev and R. J. Kirkpatrick},
  title =        {Molecular Dynamics Study of CO2 and H2O Intercalation in Smectite Clays: Effect of Temperature and Pressure on Interlayer Structure and Dynamics in Hectorite},
  volume =       {121},
  number =       {},
  journal =      {J. Phys. Chem. C},
  pages =        {24527-24540},
  year =         {2017},
}

@Article{Loganathan2018,
  author =       {N. Loganathan and G. M. Bowers and A. O. Yazaydin and H. T. Schaef and J. S. Loring  and A. G. Kalinichev and R. J. Kirkpatrick},
  title =        {Clay Swelling in Dry Supercritical Carbon Dioxide: Effects of Interlayer Cations on the Structure, Dynamics, and Energetics of CO2 Intercalation Probed by XRD, NMR, and GCMD Simulations},
  volume =       {122},
  number =       {},
  journal =      {J. Phys. Chem. C},
  pages =        {4391-4402},
  year =         {2018},
}

@Article{Rick2004,
  author =       {S.W. Rick},
  title =        {A reoptimization of the five-site water potential (TIP5P) for use with Ewald sums},
  volume =       {120},
  number =       {},
  journal =      {J. Chem. Phys.},
  pages =        {6085-6093},
  year =         {2004},
}

@Article{Martin1998,
  author = {M. G. Martin and J. I. Siepmann},
  volume = {102},
  journal = {J. Phys. Chem. B},
  pages = {2569},
  year = {1998},
  title = {Transferable Potentials for Phase Equilibria.\ 1.\ United-Atom Description of $n$-Alkanes}
}

@Article{Martin1999,
  author = {M. G. Martin and J. I. Siepmann},
  volume = {103},
  journal = {J. Phys. Chem. B.},
  pages = {4508},
  year = {1999},
  title = {Novel Configurational-Bias {Monte Carlo} Method for Branched Molecules. Transferable
                  Potentials for Phase Equilibria.\ 2.\ United-Atom Description of Branched Alkanes}
}

@Article{MartinCalvo2012,
author = {A. Martin-Calvo and F. D. Lahoz-Martin and S. Calero},
title = {Understanding Carbon Monoxide Capture Using Metal Organic Frameworks},
journal = {J. Phys. Chem. C},
volume = {116},
number = {11},
pages = {6655},
year = {2012}}

@Article{MatitoMartos2015,
author = {I. Matito-Martos and J. Alvarez-Ossorio and J. J. Gutierrez-Sevillano and M. Doblare and A. Martin-Calvo and S. Calero},
title = {Zeolites for the selective adsorption of sulfur hexafluoride},
journal = {Phys. Chem. Chem. Phys.},
volume = {17},
number = {27},
pages = {18121},
year = {2015}}

@Article{GutierrezSevillano2013,
author = {J. J. Gutierrez-Sevillano and A. Martin-Calvo and D. Dubbeldam and S. Calero and S. Hamad},
title = {Adsorption of hydrogen sulphide on Metal-Organic Frameworks},
journal = {Rsc Advances},
volume = {3},
number = {34},
pages = {14737},
year = {2013}}

@Article{GutierrezSevillano2010,
author = {J. J. Gutierrez-Sevillano and D. Dubbeldam and F. Rey and S. Valencia and M. Palomino and A. Martin-Calvo and S. Calero},
title = {Analysis of the ITQ-12 Zeolite Performance in Propane-Propylene Separations Using a Combination of Experiments and Molecular Simulations},
journal = {J. Phys. Chem. C},
volume = {114},
number = {35},
pages = {14907},
year = {2010}}

@Article{Potoff2001,
  author = {J. J. Potoff and J. I. Siepmann},
  volume = {47},
  number = {7},
  journal = {AIChE J.},
  pages = {1676},
  year = {2001},
  title = {Vapor-liquid equilibria of mixtures containing alkanes, carbon dioxide, and nitrogen}
}

@Article{MatitoMartos2014,
author = {I. Matito-Martos and A. Martin-Calvo and J. J. Gutierrez-Sevillano and M. Haranczyk and M. Doblare and J. B. Parra and C. O. Ania and S. Calero},
title = {Zeolite screening for the separation of gas mixtures containing {SO2, CO2 and CO}},
journal = {Phys. Chem. Chem. Phys.},
volume = {16},
number = {37},
pages = {19884},
year = {2014}}

@Article{Liu2008,
author = {B. Liu and B. Smit and F. Rey and S. Valencia and S. Calero},
title = {A new united atom force field for adsorption of alkenes in zeolites},
journal = {J. Phys. Chem. C},
volume = {112},
number = {7},
pages = {2492},
year = {2008}}

@Article{Wick2005a,
  author = {C. D. Wick and J. M. Stubbs and N. Rai and J. I. Siepmann},
  title = {Transferable potentials for phase equilibria. 7. Primary, secondary, and tertiary amines, nitroalkanes and nitrobenzene, nitriles, amides, pyridine, and pyrimidine},
  journal = {J. Phys. Chem. B},
  volume = {109},
  number = {40},
  pages = {18974},
  year = {2005}
}

@Article{Stubbs2004,
  author = {J. M. Stubbs and J. J. Potoff and J. I. Siepmann},
  title = {Transferable potentials for phase equilibria. 6. United-atom description for ethers, glycols, ketones, and aldehydes},
  journal = {J. Phys. Chem. B},
  volume = {108},
  number = {45},
  pages = {17596},
  year = {2004}
}

@Article{Lubna2005,
  author = {N. Lubna and G. Kamath and J. J. Potoff and N. Rai and J. I. Siepmann},
  title = {Transferable potentials for phase equilibria.\ 8.\ United-atom description for thiols, sulfides, disulfides, and thiophene},
  journal = {J. Phys. Chem. B},
  volume = {109},
  number = {50},
  pages = {24100},
  year = {2005}
}

@article{Shah2017,
   author = {M. S. Shah and J. I. Siepmann and M. Tsapatsis},
   title = {Transferable Potentials for Phase Equilibria. Improved United-Atom Description of Ethane and Ethylene},
   journal = {Aiche J.},
   volume = {63},
   number = {11},
   pages = {5098},
   year = {2017}}

@Article{Xu2010,
author = {Q. Xu and C. L. Zhong},
title = {A General Approach for Estimating Framework Charges in Metal-Organic Frameworks},
journal = {J. Phys. Chem. C},
volume = {114},
number = {11},
pages = {5035},
year = {2010}}

@Article{Parkes2013,
author = {M. V. Parkes and C. L. Staiger and J. J. {Perry IV} and M. D. Allendorf and J. A. Greathouse},
title = {Screening metal-organic frameworks for selective noble gas adsorption in air: effect of pore size and framework topology},
journal = {Phys. Chem. Chem. Phys.},
volume = {15},
number = {23},
pages = {9093},
year = {2013}}

@Article{Nazarian2016,
author = {D. Nazarian and J. S. Camp and D. S. Sholl},
title = {A comprehensive set of high-quality point charges for simulations of metal-organic frameworks},
journal = {Chem. Mater.},
volume = {28},
number = {3},
pages = {785},
year = {2016}}

@Article{Rana2011,
author = {M. K. Rana and F. G. Pazzona and G. B. Suffritti and P. Demontis and M. Masia},
title = {Estimation of partial charges in small zeolite imidazolate frameworks from density functional theory calculations},
journal = {J. Chem. Theory Comput.},
volume = {7},
number = {6},
pages = {1575},
year = {2011}}

@Article{Zheng2010,
author = {C. Zheng and C. Zhong},
title = {Estimation of Framework Charges in Covalent Organic Frameworks Using Connectivity-Based Atom Contribution Method},
journal = {J. Phys. Chem. C},
volume = {114},
number = {21},
pages = {9945},
year = {2010}}

@Article{Wolffis2019,
author = {J. J. Wolffis and D. E. P. Vanpoucke and A. Sharma and K. V. Lawler and P. M. Forster},
title = {Predicting partial atomic charges in siliceous zeolites},
journal = {Micropor. Mesopor. Mat.},
volume = {277},
number = {},
pages = {184},
year = {2019}}

@Article{GutierrezSevillano2013b,
author = {J. J. Gutierrez-Sevillano and S. Calero and C. O. Ania and J. B. Parra and F. Kapteijn and J. Gascon and S. Hamad},
title = {Toward a Transferable Set of Charges to Model Zeolitic Imidazolate Frameworks: Combined Experimental-Theoretical Research},
journal = {J. Phys. Chem. C},
volume = {117},
number = {1},
pages = {466},
year = {2013}}

@Article{Hamad2015,
author = {S. Hamad and S. R. G. Balestra and R. Bueno-Perez and S. Calero and A. R. Ruiz-Salvador},
title = {Atomic charges for modeling metal-organic frameworks: Why and how},
journal = {J. Solid State Chem.},
volume = {223},
number = {},
pages = {144},
year = {2015}}

@article{SarkisovDurenSnurr2004,
  author  = {L. Sarkisov and T. D\"uren and R. Q. Snurr},
  journal = {Mol. Phys.},
  volume  = {102},
  number  = {2},
  pages   = {211},
  year    = {2004},
  title   = {Molecular modelling of adsorption in novel nanoporous metal-organic materials}
}

@Article{Duren2004,
author = {T. Duren and L. Sarkisov and O. M. Yaghi and R. Q. Snurr},
title = {Design of new materials for methane storage},
journal = {Langmuir},
volume = {20},
number = {7},
pages = {2683},
year = {2004}}

@Article{Sarkisov2004,
author = {L. Sarkisov and T. Duren and R. Q. Snurr},
title = {Molecular modelling of adsorption in novel nanoporous metal-organic materials},
journal = {Mol. Phys.},
volume = {102},
number = {2},
pages = {211},
year = {2004}}

@Article{DurenSnurr2004,
  author = {T. D\"uren and R. Q. Snurr},
  volume = {108},
  number = {},
  journal = {J. Phys. Chem. B},
  pages = {15703},
  year = {2004},
  title = {Assessment of isoreticular metal-organic frameworks for adsorption separations: a
                  molecular simulations study of methane/$n$-butane mixtures}
}

@Article{Heinen2018,
author = {J. Heinen and D. Dubbeldam},
title = {On flexible force fields for metal-organic frameworks: Recent developments and future prospects},
journal = {Wiley Interdiscip. Rev. Comput. Mol. Sci.},
volume = {8},
number = {4},
pages = {1363},
year = {2018}}

@Article{Dubbeldam2019,
author = {D. Dubbeldam and K.S. Walton and T.J.H. Vlugt and S. Calero},
title = {Design, Parameterization, and Implementation of Atomic Force Fields for Adsorption in Nanoporous Materials},
journal = {Adv. Theory Simulat.},
volume = {2},
number = {11},
pages = {1900135},
year = {2019}}

@article{Plimpton1995,
author = {S. Plimpton},
title = {Fast Parallel Algorithms for Short-Range Molecular Dynamics},
journal = {J. Comput. Phys.},
volume = {117},
year = {1995},
pages = {1-19}}

@Article{Panagiotopoulos1987,
author = {A.Z. Panagiotopoulos},
title = {Adsorption and capillary condensation of fluids in cylindrical pores by {Monte Carlo} simulation in the {Gibbs} ensemble},
journal = {Mol. Phys.},
volume = {62},
number = {3},
pages = {701-719},
year = {1987}}

@Article{McGrother1999,
author = {S.C. McGrother and K.E. Gubbins},
title = {Constant pressure {Gibbs} ensemble {Monte Carlo} simulations of adsorption into narrow pores},
journal = {Mol. Phys.},
volume = {97},
number = {8},
pages = {955-965},
year = {1999}}

@Article{Miller2002,
  author =       {T.F. Miller and M. Eleftheriou and P. Pattnaik and A. Ndirango and D. Newns and G.J. Martyna},
  volume =       {116},
  number =       {20},
  journal =      {J. Chem. Phys.},
  pages =        {8649-8659},
  year =         {2002},
  title =        {Symplectic quaternion scheme for biophysical molecular dynamics}
}

@Article{Lutsko1989,
  author =       {J. F. Lutsko},
  volume =       {65},
  number =       {8},
  journal =      {J. Appl. Phys.},
  pages =        {2991-2997},
  year =         {1989},
  title =        {Generalized epressions for the calculation of elastic constants by computer simulation}
}

@Article{VanWorkum2006,
  author =       {K. {van Workum} and G. Gao and J. D. Schall and J. A. Harrison},
  volume =       {125},
  number =       {},
  journal =      JCP,
  pages =        {144506},
  year =         {2006},
  title =        {Expressions for the Stress and Elasticity Tensors for Angle-Dependent Potentials}
}

@Article{Calero2004,
author = {S. Calero and D. Dubbeldam and R. Krishna and B. Smit and T. J. H. Vlugt and J. F. M. Denayer and J. A. Martens and T. L. M. Maesen},
title = {Understanding the role of sodium during adsorption: A force field for alkanes in sodium-exchanged faujasites},
journal = {J. Am. Chem. Soc.},
volume = {126},
number = {36},
pages = {11377},
year = {2004}}

@Article{Beerdsen2002,
  author = {E. Beerdsen and B. Smit and S. Calero},
  volume = {106},
  journal = {J. Phys. Chem. B},
  pages = {10659},
  year = {2002},
  title = {The influence of non-framework sodium cations on the adsorption of alkanes in {MFI}- and {MOR}-type zeolites}
}

@Article{Beerdsen2003,
  author = {E. Beerdsen and D. Dubbeldam and B. Smit and T.J.H. Vlugt and S. Calero},
  volume = {107},
  journal = {J. Phys. Chem. B},
  pages = {12088-12096},
  year = {2003},
  title = {Simulating the Effect of Nonframework Cations on the Adsorption of Alkanes in MFI-type Zeolites}
}

@Article{GarciaPerez2006,
  author = {E. Garcia-Perez and D. Dubbeldam and T.L.M. Maesen and S. Calero},
  volume = {110},
  journal = {J. Phys. Chem. B},
  pages = {23968-23976},
  year = {2006},
  title = {Influence of Cation Na/Ca Ratio on Adsorption in LTA 5A: A Systematic Molecular Simulation Study of Alkane Chain Length}
}

